%YAML 1.1
%TAG !u! tag:unity3d.com,2011:
--- !u!1 &310384453146128819
GameObject:
  m_ObjectHideFlags: 0
  m_CorrespondingSourceObject: {fileID: 0}
  m_PrefabInstance: {fileID: 0}
  m_PrefabAsset: {fileID: 0}
  serializedVersion: 6
  m_Component:
  - component: {fileID: 4406934148517756255}
  m_Layer: 0
  m_Name: bn_clavical_R
  m_TagString: Untagged
  m_Icon: {fileID: 0}
  m_NavMeshLayer: 0
  m_StaticEditorFlags: 0
  m_IsActive: 1
--- !u!4 &4406934148517756255
Transform:
  m_ObjectHideFlags: 0
  m_CorrespondingSourceObject: {fileID: 0}
  m_PrefabInstance: {fileID: 0}
  m_PrefabAsset: {fileID: 0}
  m_GameObject: {fileID: 310384453146128819}
  m_LocalRotation: {x: 1, y: 0, z: 0, w: -6.123234e-17}
  m_LocalPosition: {x: 0.17950399, y: 0.2531018, z: 0.051207066}
  m_LocalScale: {x: 1, y: 1, z: 1}
  m_Children:
  - {fileID: 7873969878619139144}
  m_Father: {fileID: 6131932053052136727}
  m_RootOrder: 1
  m_LocalEulerAnglesHint: {x: 0, y: 0, z: 0}
--- !u!1 &581021138034940984
GameObject:
  m_ObjectHideFlags: 0
  m_CorrespondingSourceObject: {fileID: 0}
  m_PrefabInstance: {fileID: 0}
  m_PrefabAsset: {fileID: 0}
  serializedVersion: 6
  m_Component:
  - component: {fileID: 3806536503903583547}
  m_Layer: 0
  m_Name: bn_fingers_3_R
  m_TagString: Untagged
  m_Icon: {fileID: 0}
  m_NavMeshLayer: 0
  m_StaticEditorFlags: 0
  m_IsActive: 1
--- !u!4 &3806536503903583547
Transform:
  m_ObjectHideFlags: 0
  m_CorrespondingSourceObject: {fileID: 0}
  m_PrefabInstance: {fileID: 0}
  m_PrefabAsset: {fileID: 0}
  m_GameObject: {fileID: 581021138034940984}
  m_LocalRotation: {x: 0, y: 0, z: 0.46019977, w: 0.8878154}
  m_LocalPosition: {x: 0.053969953, y: 2.5723774e-35, z: 2.2481144e-18}
  m_LocalScale: {x: 1, y: 1, z: 1}
  m_Children: []
  m_Father: {fileID: 3038970679964286783}
  m_RootOrder: 0
  m_LocalEulerAnglesHint: {x: 0, y: 0, z: 0}
--- !u!1 &771170843493761108
GameObject:
  m_ObjectHideFlags: 0
  m_CorrespondingSourceObject: {fileID: 0}
  m_PrefabInstance: {fileID: 0}
  m_PrefabAsset: {fileID: 0}
  serializedVersion: 6
  m_Component:
  - component: {fileID: 4088015138905929576}
  m_Layer: 0
  m_Name: bn_index_2_L
  m_TagString: Untagged
  m_Icon: {fileID: 0}
  m_NavMeshLayer: 0
  m_StaticEditorFlags: 0
  m_IsActive: 1
--- !u!4 &4088015138905929576
Transform:
  m_ObjectHideFlags: 0
  m_CorrespondingSourceObject: {fileID: 0}
  m_PrefabInstance: {fileID: 0}
  m_PrefabAsset: {fileID: 0}
  m_GameObject: {fileID: 771170843493761108}
  m_LocalRotation: {x: 0, y: 0, z: 0.36974677, w: 0.9291326}
  m_LocalPosition: {x: -0.04068, y: -2.842171e-16, z: 0}
  m_LocalScale: {x: 1, y: 1, z: 1}
  m_Children:
  - {fileID: 8424621678260653879}
  m_Father: {fileID: 6621661726979556077}
  m_RootOrder: 0
  m_LocalEulerAnglesHint: {x: 0, y: 0, z: 0}
--- !u!1 &802033004974248314
GameObject:
  m_ObjectHideFlags: 0
  m_CorrespondingSourceObject: {fileID: 0}
  m_PrefabInstance: {fileID: 0}
  m_PrefabAsset: {fileID: 0}
  serializedVersion: 6
  m_Component:
  - component: {fileID: 5270699331933235193}
  m_Layer: 0
  m_Name: bn_ankle_R
  m_TagString: Untagged
  m_Icon: {fileID: 0}
  m_NavMeshLayer: 0
  m_StaticEditorFlags: 0
  m_IsActive: 1
--- !u!4 &5270699331933235193
Transform:
  m_ObjectHideFlags: 0
  m_CorrespondingSourceObject: {fileID: 0}
  m_PrefabInstance: {fileID: 0}
  m_PrefabAsset: {fileID: 0}
  m_GameObject: {fileID: 802033004974248314}
  m_LocalRotation: {x: -0.028375752, y: -0.008262576, z: 0.078337625, w: 0.99648875}
  m_LocalPosition: {x: 0.0043310034, y: 0.28685078, z: 0.1566235}
  m_LocalScale: {x: 1, y: 1, z: 1}
  m_Children:
  - {fileID: 7285362815756046997}
  m_Father: {fileID: 8537311156641304936}
  m_RootOrder: 0
  m_LocalEulerAnglesHint: {x: 0, y: 0, z: 0}
--- !u!1 &965427753078116707
GameObject:
  m_ObjectHideFlags: 0
  m_CorrespondingSourceObject: {fileID: 0}
  m_PrefabInstance: {fileID: 0}
  m_PrefabAsset: {fileID: 0}
  serializedVersion: 6
  m_Component:
  - component: {fileID: 3038970679964286783}
  m_Layer: 0
  m_Name: bn_fingers_2_R
  m_TagString: Untagged
  m_Icon: {fileID: 0}
  m_NavMeshLayer: 0
  m_StaticEditorFlags: 0
  m_IsActive: 1
--- !u!4 &3038970679964286783
Transform:
  m_ObjectHideFlags: 0
  m_CorrespondingSourceObject: {fileID: 0}
  m_PrefabInstance: {fileID: 0}
  m_PrefabAsset: {fileID: 0}
  m_GameObject: {fileID: 965427753078116707}
  m_LocalRotation: {x: 0, y: 0, z: 0.46019977, w: 0.8878154}
  m_LocalPosition: {x: 0.0558267, y: 1.9140853e-35, z: -5.4764216e-19}
  m_LocalScale: {x: 1, y: 1, z: 1}
  m_Children:
  - {fileID: 3806536503903583547}
  m_Father: {fileID: 6635560287353162371}
  m_RootOrder: 0
  m_LocalEulerAnglesHint: {x: 0, y: 0, z: 0}
--- !u!1 &980489513390828832
GameObject:
  m_ObjectHideFlags: 0
  m_CorrespondingSourceObject: {fileID: 0}
  m_PrefabInstance: {fileID: 0}
  m_PrefabAsset: {fileID: 0}
  serializedVersion: 6
  m_Component:
  - component: {fileID: 23420293995796409}
  m_Layer: 0
  m_Name: bn_ball_L
  m_TagString: Untagged
  m_Icon: {fileID: 0}
  m_NavMeshLayer: 0
  m_StaticEditorFlags: 0
  m_IsActive: 1
--- !u!4 &23420293995796409
Transform:
  m_ObjectHideFlags: 0
  m_CorrespondingSourceObject: {fileID: 0}
  m_PrefabInstance: {fileID: 0}
  m_PrefabAsset: {fileID: 0}
  m_GameObject: {fileID: 980489513390828832}
  m_LocalRotation: {x: -0.000000034137422, y: 5.472546e-10, z: 2.6663946e-10, w: 1}
  m_LocalPosition: {x: -0.001193896, y: -0.07907787, z: 0.1651}
  m_LocalScale: {x: 1, y: 1, z: 1}
  m_Children:
  - {fileID: 1733161674759237164}
  m_Father: {fileID: 8963350186105820722}
  m_RootOrder: 0
  m_LocalEulerAnglesHint: {x: 0, y: 0, z: 0}
--- !u!1 &1000632648409262303
GameObject:
  m_ObjectHideFlags: 0
  m_CorrespondingSourceObject: {fileID: 0}
  m_PrefabInstance: {fileID: 0}
  m_PrefabAsset: {fileID: 0}
  serializedVersion: 6
  m_Component:
  - component: {fileID: 2896053382555881261}
  m_Layer: 0
  m_Name: bn_lower_spine
  m_TagString: Untagged
  m_Icon: {fileID: 0}
  m_NavMeshLayer: 0
  m_StaticEditorFlags: 0
  m_IsActive: 1
--- !u!4 &2896053382555881261
Transform:
  m_ObjectHideFlags: 0
  m_CorrespondingSourceObject: {fileID: 0}
  m_PrefabInstance: {fileID: 0}
  m_PrefabAsset: {fileID: 0}
  m_GameObject: {fileID: 1000632648409262303}
  m_LocalRotation: {x: 0, y: -0, z: -0, w: 1}
  m_LocalPosition: {x: -0, y: 0.04307034, z: -0.0065649385}
  m_LocalScale: {x: 1, y: 1, z: 1}
  m_Children:
  - {fileID: 6131932053052136727}
  m_Father: {fileID: 3292322714275495632}
  m_RootOrder: 0
  m_LocalEulerAnglesHint: {x: 0, y: 0, z: 0}
--- !u!1 &1018924774150578946
GameObject:
  m_ObjectHideFlags: 0
  m_CorrespondingSourceObject: {fileID: 0}
  m_PrefabInstance: {fileID: 0}
  m_PrefabAsset: {fileID: 0}
  serializedVersion: 6
  m_Component:
  - component: {fileID: 3681154908806002271}
  m_Layer: 0
  m_Name: bn_wrist_L
  m_TagString: Untagged
  m_Icon: {fileID: 0}
  m_NavMeshLayer: 0
  m_StaticEditorFlags: 0
  m_IsActive: 1
--- !u!4 &3681154908806002271
Transform:
  m_ObjectHideFlags: 0
  m_CorrespondingSourceObject: {fileID: 0}
  m_PrefabInstance: {fileID: 0}
  m_PrefabAsset: {fileID: 0}
  m_GameObject: {fileID: 1018924774150578946}
  m_LocalRotation: {x: 0, y: -0, z: -0, w: 1}
  m_LocalPosition: {x: -0.18788415, y: -1.4210854e-16, z: 0.045890182}
  m_LocalScale: {x: 1, y: 1, z: 1}
  m_Children:
  - {fileID: 7132339328947970752}
  m_Father: {fileID: 1081950503700685080}
  m_RootOrder: 0
  m_LocalEulerAnglesHint: {x: 0, y: 0, z: 0}
--- !u!1 &1103656932244853329
GameObject:
  m_ObjectHideFlags: 0
  m_CorrespondingSourceObject: {fileID: 0}
  m_PrefabInstance: {fileID: 0}
  m_PrefabAsset: {fileID: 0}
  serializedVersion: 6
  m_Component:
  - component: {fileID: 4005379589278871575}
  m_Layer: 0
  m_Name: bn_thumb_1_R
  m_TagString: Untagged
  m_Icon: {fileID: 0}
  m_NavMeshLayer: 0
  m_StaticEditorFlags: 0
  m_IsActive: 1
--- !u!4 &4005379589278871575
Transform:
  m_ObjectHideFlags: 0
  m_CorrespondingSourceObject: {fileID: 0}
  m_PrefabInstance: {fileID: 0}
  m_PrefabAsset: {fileID: 0}
  m_GameObject: {fileID: 1103656932244853329}
  m_LocalRotation: {x: 0.55991614, y: -0, z: -0, w: 0.82854927}
  m_LocalPosition: {x: 0.053288, y: 0.05782, z: -0.0721479}
  m_LocalScale: {x: 1, y: 1, z: 1}
  m_Children:
  - {fileID: 4817422291859166849}
  m_Father: {fileID: 4636520585434628435}
  m_RootOrder: 1
  m_LocalEulerAnglesHint: {x: 0, y: 0, z: 0}
--- !u!1 &1344581252648709353
GameObject:
  m_ObjectHideFlags: 0
  m_CorrespondingSourceObject: {fileID: 0}
  m_PrefabInstance: {fileID: 0}
  m_PrefabAsset: {fileID: 0}
  serializedVersion: 6
  m_Component:
  - component: {fileID: 4636520585434628435}
  m_Layer: 0
  m_Name: bn_hand_R
  m_TagString: Untagged
  m_Icon: {fileID: 0}
  m_NavMeshLayer: 0
  m_StaticEditorFlags: 0
  m_IsActive: 1
--- !u!4 &4636520585434628435
Transform:
  m_ObjectHideFlags: 0
  m_CorrespondingSourceObject: {fileID: 0}
  m_PrefabInstance: {fileID: 0}
  m_PrefabAsset: {fileID: 0}
  m_GameObject: {fileID: 1344581252648709353}
  m_LocalRotation: {x: -0.36052537, y: 0.33924398, z: 0.031243326, w: 0.868308}
  m_LocalPosition: {x: 0.020492999, y: 0.0011, z: 0.00081399997}
  m_LocalScale: {x: 1, y: 1, z: 1}
  m_Children:
  - {fileID: 4781639865578144406}
  - {fileID: 4005379589278871575}
  - {fileID: 4491718929765426924}
  m_Father: {fileID: 5402226643997719209}
  m_RootOrder: 0
  m_LocalEulerAnglesHint: {x: 0, y: 0, z: 0}
--- !u!1 &1390579668819624246
GameObject:
  m_ObjectHideFlags: 0
  m_CorrespondingSourceObject: {fileID: 0}
  m_PrefabInstance: {fileID: 0}
  m_PrefabAsset: {fileID: 0}
  serializedVersion: 6
  m_Component:
  - component: {fileID: 6596295515535489989}
  m_Layer: 0
  m_Name: bn_jaw
  m_TagString: Untagged
  m_Icon: {fileID: 0}
  m_NavMeshLayer: 0
  m_StaticEditorFlags: 0
  m_IsActive: 1
--- !u!4 &6596295515535489989
Transform:
  m_ObjectHideFlags: 0
  m_CorrespondingSourceObject: {fileID: 0}
  m_PrefabInstance: {fileID: 0}
  m_PrefabAsset: {fileID: 0}
  m_GameObject: {fileID: 1390579668819624246}
  m_LocalRotation: {x: 0, y: -0, z: -0, w: 1}
  m_LocalPosition: {x: -0, y: -0.040823717, z: 0.16342063}
  m_LocalScale: {x: 1, y: 1, z: 1}
  m_Children: []
  m_Father: {fileID: 7239593438852927608}
  m_RootOrder: 0
  m_LocalEulerAnglesHint: {x: 0, y: 0, z: 0}
--- !u!1 &1438860351641226205
GameObject:
  m_ObjectHideFlags: 0
  m_CorrespondingSourceObject: {fileID: 0}
  m_PrefabInstance: {fileID: 0}
  m_PrefabAsset: {fileID: 0}
  serializedVersion: 6
  m_Component:
  - component: {fileID: 7239593438852927608}
  m_Layer: 0
  m_Name: bx_jaw_1
  m_TagString: Untagged
  m_Icon: {fileID: 0}
  m_NavMeshLayer: 0
  m_StaticEditorFlags: 0
  m_IsActive: 1
--- !u!4 &7239593438852927608
Transform:
  m_ObjectHideFlags: 0
  m_CorrespondingSourceObject: {fileID: 0}
  m_PrefabInstance: {fileID: 0}
  m_PrefabAsset: {fileID: 0}
  m_GameObject: {fileID: 1438860351641226205}
  m_LocalRotation: {x: 0, y: -0, z: -0, w: 1}
  m_LocalPosition: {x: -0, y: -0.03510288, z: 0.020032262}
  m_LocalScale: {x: 1, y: 1, z: 1}
  m_Children:
  - {fileID: 6596295515535489989}
  m_Father: {fileID: 5407689357970676686}
  m_RootOrder: 0
  m_LocalEulerAnglesHint: {x: 0, y: 0, z: 0}
--- !u!1 &1788149770675644496
GameObject:
  m_ObjectHideFlags: 0
  m_CorrespondingSourceObject: {fileID: 0}
  m_PrefabInstance: {fileID: 0}
  m_PrefabAsset: {fileID: 0}
  serializedVersion: 6
  m_Component:
  - component: {fileID: 7873969878619139144}
  m_Layer: 0
  m_Name: bn_shoulder_R
  m_TagString: Untagged
  m_Icon: {fileID: 0}
  m_NavMeshLayer: 0
  m_StaticEditorFlags: 0
  m_IsActive: 1
--- !u!4 &7873969878619139144
Transform:
  m_ObjectHideFlags: 0
  m_CorrespondingSourceObject: {fileID: 0}
  m_PrefabInstance: {fileID: 0}
  m_PrefabAsset: {fileID: 0}
  m_GameObject: {fileID: 1788149770675644496}
  m_LocalRotation: {x: 0.3670355, y: 0.29459608, z: 0.2768473, w: 0.8377671}
  m_LocalPosition: {x: 0.06563486, y: 0.094610006, z: -1.1586383e-17}
  m_LocalScale: {x: 1, y: 1, z: 1}
  m_Children:
  - {fileID: 353567575941652134}
  m_Father: {fileID: 4406934148517756255}
  m_RootOrder: 0
  m_LocalEulerAnglesHint: {x: 0, y: 0, z: 0}
--- !u!1 &1904953459895701204
GameObject:
  m_ObjectHideFlags: 0
  m_CorrespondingSourceObject: {fileID: 0}
  m_PrefabInstance: {fileID: 0}
  m_PrefabAsset: {fileID: 0}
  serializedVersion: 6
  m_Component:
  - component: {fileID: 5407689357970676686}
  m_Layer: 0
  m_Name: bn_neck
  m_TagString: Untagged
  m_Icon: {fileID: 0}
  m_NavMeshLayer: 0
  m_StaticEditorFlags: 0
  m_IsActive: 1
--- !u!4 &5407689357970676686
Transform:
  m_ObjectHideFlags: 0
  m_CorrespondingSourceObject: {fileID: 0}
  m_PrefabInstance: {fileID: 0}
  m_PrefabAsset: {fileID: 0}
  m_GameObject: {fileID: 1904953459895701204}
  m_LocalRotation: {x: 0, y: -0.26698625, z: -0, w: 0.96370035}
  m_LocalPosition: {x: -0, y: 0.33517, z: 0.059239347}
  m_LocalScale: {x: 1, y: 1, z: 1}
  m_Children:
  - {fileID: 7239593438852927608}
  m_Father: {fileID: 6131932053052136727}
  m_RootOrder: 2
  m_LocalEulerAnglesHint: {x: 0, y: 0, z: 0}
--- !u!1 &2075317442726512062
GameObject:
  m_ObjectHideFlags: 0
  m_CorrespondingSourceObject: {fileID: 0}
  m_PrefabInstance: {fileID: 0}
  m_PrefabAsset: {fileID: 0}
  serializedVersion: 6
  m_Component:
  - component: {fileID: 1733161674759237164}
  m_Layer: 0
  m_Name: bx_toe_L
  m_TagString: Untagged
  m_Icon: {fileID: 0}
  m_NavMeshLayer: 0
  m_StaticEditorFlags: 0
  m_IsActive: 1
--- !u!4 &1733161674759237164
Transform:
  m_ObjectHideFlags: 0
  m_CorrespondingSourceObject: {fileID: 0}
  m_PrefabInstance: {fileID: 0}
  m_PrefabAsset: {fileID: 0}
  m_GameObject: {fileID: 2075317442726512062}
  m_LocalRotation: {x: 0, y: -0, z: -0, w: 1}
  m_LocalPosition: {x: 0.00119, y: 0.00198, z: 0.14829001}
  m_LocalScale: {x: 1, y: 1, z: 1}
  m_Children: []
  m_Father: {fileID: 23420293995796409}
  m_RootOrder: 0
  m_LocalEulerAnglesHint: {x: 0, y: 0, z: 0}
--- !u!1 &2169285325421691866
GameObject:
  m_ObjectHideFlags: 0
  m_CorrespondingSourceObject: {fileID: 0}
  m_PrefabInstance: {fileID: 0}
  m_PrefabAsset: {fileID: 0}
  serializedVersion: 6
  m_Component:
  - component: {fileID: 2944772199221607355}
  m_Layer: 0
  m_Name: bn_clavical_L
  m_TagString: Untagged
  m_Icon: {fileID: 0}
  m_NavMeshLayer: 0
  m_StaticEditorFlags: 0
  m_IsActive: 1
--- !u!4 &2944772199221607355
Transform:
  m_ObjectHideFlags: 0
  m_CorrespondingSourceObject: {fileID: 0}
  m_PrefabInstance: {fileID: 0}
  m_PrefabAsset: {fileID: 0}
  m_GameObject: {fileID: 2169285325421691866}
  m_LocalRotation: {x: 0, y: 0.24026805, z: -0, w: 0.9707066}
  m_LocalPosition: {x: -0.17950355, y: 0.25310618, z: 0.051207066}
  m_LocalScale: {x: 1, y: 1, z: 1}
  m_Children:
  - {fileID: 1973890673923622429}
  m_Father: {fileID: 6131932053052136727}
  m_RootOrder: 0
  m_LocalEulerAnglesHint: {x: 0, y: 0, z: 0}
--- !u!1 &2307373432568589176
GameObject:
  m_ObjectHideFlags: 0
  m_CorrespondingSourceObject: {fileID: 0}
  m_PrefabInstance: {fileID: 0}
  m_PrefabAsset: {fileID: 0}
  serializedVersion: 6
  m_Component:
  - component: {fileID: 1543364170500907289}
  m_Layer: 0
  m_Name: bn_knee_L
  m_TagString: Untagged
  m_Icon: {fileID: 0}
  m_NavMeshLayer: 0
  m_StaticEditorFlags: 0
  m_IsActive: 1
--- !u!4 &1543364170500907289
Transform:
  m_ObjectHideFlags: 0
  m_CorrespondingSourceObject: {fileID: 0}
  m_PrefabInstance: {fileID: 0}
  m_PrefabAsset: {fileID: 0}
  m_GameObject: {fileID: 2307373432568589176}
  m_LocalRotation: {x: 0.22489257, y: -0.003336944, z: 0.000770188, w: 0.9743776}
  m_LocalPosition: {x: -0.0055949246, y: -0.3705806, z: 0.10079701}
  m_LocalScale: {x: 1, y: 1, z: 1}
  m_Children:
  - {fileID: 8963350186105820722}
  m_Father: {fileID: 4045227756700381618}
  m_RootOrder: 0
  m_LocalEulerAnglesHint: {x: 0, y: 0, z: 0}
--- !u!1 &2338951676425360742
GameObject:
  m_ObjectHideFlags: 0
  m_CorrespondingSourceObject: {fileID: 0}
  m_PrefabInstance: {fileID: 0}
  m_PrefabAsset: {fileID: 0}
  serializedVersion: 6
  m_Component:
  - component: {fileID: 4411972397670839779}
  m_Layer: 0
  m_Name: master
  m_TagString: Untagged
  m_Icon: {fileID: 0}
  m_NavMeshLayer: 0
  m_StaticEditorFlags: 0
  m_IsActive: 1
--- !u!4 &4411972397670839779
Transform:
  m_ObjectHideFlags: 0
  m_CorrespondingSourceObject: {fileID: 0}
  m_PrefabInstance: {fileID: 0}
  m_PrefabAsset: {fileID: 0}
  m_GameObject: {fileID: 2338951676425360742}
  m_LocalRotation: {x: 0, y: -0, z: -0, w: 1}
  m_LocalPosition: {x: -0, y: 0, z: 0}
  m_LocalScale: {x: 1, y: 1, z: 1}
  m_Children:
  - {fileID: 58449152057118731}
  m_Father: {fileID: 4170179240841322159}
  m_RootOrder: 0
  m_LocalEulerAnglesHint: {x: 0, y: 0, z: 0}
--- !u!1 &2528496041403429907
GameObject:
  m_ObjectHideFlags: 0
  m_CorrespondingSourceObject: {fileID: 0}
  m_PrefabInstance: {fileID: 0}
  m_PrefabAsset: {fileID: 0}
  serializedVersion: 6
  m_Component:
  - component: {fileID: 6635560287353162371}
  m_Layer: 0
  m_Name: bn_fingers_1_R
  m_TagString: Untagged
  m_Icon: {fileID: 0}
  m_NavMeshLayer: 0
  m_StaticEditorFlags: 0
  m_IsActive: 1
--- !u!4 &6635560287353162371
Transform:
  m_ObjectHideFlags: 0
  m_CorrespondingSourceObject: {fileID: 0}
  m_PrefabInstance: {fileID: 0}
  m_PrefabAsset: {fileID: 0}
  m_GameObject: {fileID: 2528496041403429907}
  m_LocalRotation: {x: 0, y: 0, z: 0.46019977, w: 0.8878154}
  m_LocalPosition: {x: 0.050306, y: 0.00013, z: 0.007934299}
  m_LocalScale: {x: 1, y: 1, z: 1}
  m_Children:
  - {fileID: 3038970679964286783}
  m_Father: {fileID: 4781639865578144406}
  m_RootOrder: 0
  m_LocalEulerAnglesHint: {x: 0, y: 0, z: 0}
--- !u!1 &2594539374342455484
GameObject:
  m_ObjectHideFlags: 0
  m_CorrespondingSourceObject: {fileID: 0}
  m_PrefabInstance: {fileID: 0}
  m_PrefabAsset: {fileID: 0}
  serializedVersion: 6
  m_Component:
  - component: {fileID: 2589808608389792571}
  m_Layer: 0
  m_Name: bn_index_3_R
  m_TagString: Untagged
  m_Icon: {fileID: 0}
  m_NavMeshLayer: 0
  m_StaticEditorFlags: 0
  m_IsActive: 1
--- !u!4 &2589808608389792571
Transform:
  m_ObjectHideFlags: 0
  m_CorrespondingSourceObject: {fileID: 0}
  m_PrefabInstance: {fileID: 0}
  m_PrefabAsset: {fileID: 0}
  m_GameObject: {fileID: 2594539374342455484}
  m_LocalRotation: {x: -0.2914922, y: -0.10985512, z: 0.3351116, w: 0.8891931}
  m_LocalPosition: {x: 0.04590483, y: 2.842171e-16, z: 1.3288398e-18}
  m_LocalScale: {x: 1, y: 1, z: 1}
  m_Children: []
  m_Father: {fileID: 3315615456828728409}
  m_RootOrder: 0
  m_LocalEulerAnglesHint: {x: 0, y: 0, z: 0}
--- !u!1 &2898944251468809817
GameObject:
  m_ObjectHideFlags: 0
  m_CorrespondingSourceObject: {fileID: 0}
  m_PrefabInstance: {fileID: 0}
  m_PrefabAsset: {fileID: 0}
  serializedVersion: 6
  m_Component:
  - component: {fileID: 4817422291859166849}
  m_Layer: 0
  m_Name: bn_thumb_2_R
  m_TagString: Untagged
  m_Icon: {fileID: 0}
  m_NavMeshLayer: 0
  m_StaticEditorFlags: 0
  m_IsActive: 1
--- !u!4 &4817422291859166849
Transform:
  m_ObjectHideFlags: 0
  m_CorrespondingSourceObject: {fileID: 0}
  m_PrefabInstance: {fileID: 0}
  m_PrefabAsset: {fileID: 0}
  m_GameObject: {fileID: 2898944251468809817}
  m_LocalRotation: {x: 0, y: -0.55991614, z: -0, w: 0.82854927}
  m_LocalPosition: {x: 0.043933, y: 0.038709998, z: 0}
  m_LocalScale: {x: 1, y: 1, z: 1}
  m_Children: []
  m_Father: {fileID: 4005379589278871575}
  m_RootOrder: 0
  m_LocalEulerAnglesHint: {x: 0, y: 0, z: 0}
--- !u!1 &2974797562247245854
GameObject:
  m_ObjectHideFlags: 0
  m_CorrespondingSourceObject: {fileID: 0}
  m_PrefabInstance: {fileID: 0}
  m_PrefabAsset: {fileID: 0}
  serializedVersion: 6
  m_Component:
  - component: {fileID: 2421505497330038132}
  m_Layer: 0
  m_Name: bn_crotch
  m_TagString: Untagged
  m_Icon: {fileID: 0}
  m_NavMeshLayer: 0
  m_StaticEditorFlags: 0
  m_IsActive: 1
--- !u!4 &2421505497330038132
Transform:
  m_ObjectHideFlags: 0
  m_CorrespondingSourceObject: {fileID: 0}
  m_PrefabInstance: {fileID: 0}
  m_PrefabAsset: {fileID: 0}
  m_GameObject: {fileID: 2974797562247245854}
  m_LocalRotation: {x: 0, y: -0, z: -0, w: 1}
  m_LocalPosition: {x: 0.0004097659, y: -0.16127954, z: 0.23356828}
  m_LocalScale: {x: 1, y: 1, z: 1}
  m_Children: []
  m_Father: {fileID: 5908011849643314970}
  m_RootOrder: 0
  m_LocalEulerAnglesHint: {x: 0, y: 0, z: 0}
--- !u!1 &3637315867434599973
GameObject:
  m_ObjectHideFlags: 0
  m_CorrespondingSourceObject: {fileID: 0}
  m_PrefabInstance: {fileID: 0}
  m_PrefabAsset: {fileID: 0}
  serializedVersion: 6
  m_Component:
  - component: {fileID: 3292322714275495632}
  m_Layer: 0
  m_Name: bx_root
  m_TagString: Untagged
  m_Icon: {fileID: 0}
  m_NavMeshLayer: 0
  m_StaticEditorFlags: 0
  m_IsActive: 1
--- !u!4 &3292322714275495632
Transform:
  m_ObjectHideFlags: 0
  m_CorrespondingSourceObject: {fileID: 0}
  m_PrefabInstance: {fileID: 0}
  m_PrefabAsset: {fileID: 0}
  m_GameObject: {fileID: 3637315867434599973}
  m_LocalRotation: {x: 0, y: 0.42110464, z: -0, w: 0.90701205}
  m_LocalPosition: {x: -0.08133173, y: 0.7480922, z: -0.13657954}
  m_LocalScale: {x: 1, y: 1, z: 1}
  m_Children:
  - {fileID: 2896053382555881261}
  - {fileID: 5908011849643314970}
  m_Father: {fileID: 58449152057118731}
  m_RootOrder: 0
  m_LocalEulerAnglesHint: {x: 0, y: 0, z: 0}
--- !u!1 &3644717495178118165
GameObject:
  m_ObjectHideFlags: 0
  m_CorrespondingSourceObject: {fileID: 0}
  m_PrefabInstance: {fileID: 0}
  m_PrefabAsset: {fileID: 0}
  serializedVersion: 6
  m_Component:
  - component: {fileID: 4170179240841322159}
  - component: {fileID: 8016230557097903317}
  - component: {fileID: 4491718930489112897}
  - component: {fileID: 4491718930489112902}
  - component: {fileID: 4491718930489112924}
  - component: {fileID: 4491718930489112898}
  - component: {fileID: 4491718930489112925}
  m_Layer: 0
  m_Name: soldier
  m_TagString: Player
  m_Icon: {fileID: 0}
  m_NavMeshLayer: 0
  m_StaticEditorFlags: 0
  m_IsActive: 1
--- !u!4 &4170179240841322159
Transform:
  m_ObjectHideFlags: 0
  m_CorrespondingSourceObject: {fileID: 0}
  m_PrefabInstance: {fileID: 0}
  m_PrefabAsset: {fileID: 0}
  m_GameObject: {fileID: 3644717495178118165}
  m_LocalRotation: {x: 0, y: 0.7071068, z: 0, w: 0.7071068}
  m_LocalPosition: {x: 3.69, y: 1.26, z: -11}
  m_LocalScale: {x: 1, y: 1, z: 1}
  m_Children:
  - {fileID: 4411972397670839779}
  - {fileID: 1230909703520796314}
  - {fileID: 4491718930538062569}
  m_Father: {fileID: 0}
  m_RootOrder: 0
  m_LocalEulerAnglesHint: {x: 0, y: 90, z: 0}
--- !u!95 &8016230557097903317
Animator:
  serializedVersion: 3
  m_ObjectHideFlags: 0
  m_CorrespondingSourceObject: {fileID: 0}
  m_PrefabInstance: {fileID: 0}
  m_PrefabAsset: {fileID: 0}
  m_GameObject: {fileID: 3644717495178118165}
  m_Enabled: 1
  m_Avatar: {fileID: 9000000, guid: d9ae0681f2a8d34479cb75fcc9f27d46, type: 3}
  m_Controller: {fileID: 9100000, guid: 47f5aa29455891a4ca1dca2a444e8d5c, type: 2}
  m_CullingMode: 1
  m_UpdateMode: 0
  m_ApplyRootMotion: 0
  m_LinearVelocityBlending: 0
  m_WarningMessage: 
  m_HasTransformHierarchy: 1
  m_AllowConstantClipSamplingOptimization: 1
  m_KeepAnimatorControllerStateOnDisable: 0
--- !u!54 &4491718930489112897
Rigidbody:
  m_ObjectHideFlags: 0
  m_CorrespondingSourceObject: {fileID: 0}
  m_PrefabInstance: {fileID: 0}
  m_PrefabAsset: {fileID: 0}
  m_GameObject: {fileID: 3644717495178118165}
  serializedVersion: 2
  m_Mass: 1
  m_Drag: 0
  m_AngularDrag: 0.05
  m_UseGravity: 1
  m_IsKinematic: 0
  m_Interpolate: 0
  m_Constraints: 120
  m_CollisionDetection: 0
--- !u!136 &4491718930489112902
CapsuleCollider:
  m_ObjectHideFlags: 0
  m_CorrespondingSourceObject: {fileID: 0}
  m_PrefabInstance: {fileID: 0}
  m_PrefabAsset: {fileID: 0}
  m_GameObject: {fileID: 3644717495178118165}
  m_Material: {fileID: 0}
  m_IsTrigger: 0
  m_Enabled: 1
  m_Radius: 0.5
  m_Height: 1.7
  m_Direction: 1
  m_Center: {x: 0, y: 0.85, z: -0.09}
--- !u!82 &4491718930489112924
AudioSource:
  m_ObjectHideFlags: 0
  m_CorrespondingSourceObject: {fileID: 0}
  m_PrefabInstance: {fileID: 0}
  m_PrefabAsset: {fileID: 0}
  m_GameObject: {fileID: 3644717495178118165}
  m_Enabled: 1
  serializedVersion: 4
  OutputAudioMixerGroup: {fileID: 0}
  m_audioClip: {fileID: 8300000, guid: d5e2eb774b813de41b692aad3f9d647c, type: 3}
  m_PlayOnAwake: 0
  m_Volume: 1
  m_Pitch: 1
  Loop: 0
  Mute: 0
  Spatialize: 0
  SpatializePostEffects: 0
  Priority: 128
  DopplerLevel: 1
  MinDistance: 1
  MaxDistance: 500
  Pan2D: 0
  rolloffMode: 0
  BypassEffects: 0
  BypassListenerEffects: 0
  BypassReverbZones: 0
  rolloffCustomCurve:
    serializedVersion: 2
    m_Curve:
    - serializedVersion: 3
      time: 0
      value: 1
      inSlope: 0
      outSlope: 0
      tangentMode: 0
      weightedMode: 0
      inWeight: 0.33333334
      outWeight: 0.33333334
    - serializedVersion: 3
      time: 1
      value: 0
      inSlope: 0
      outSlope: 0
      tangentMode: 0
      weightedMode: 0
      inWeight: 0.33333334
      outWeight: 0.33333334
    m_PreInfinity: 2
    m_PostInfinity: 2
    m_RotationOrder: 4
  panLevelCustomCurve:
    serializedVersion: 2
    m_Curve:
    - serializedVersion: 3
      time: 0
      value: 0
      inSlope: 0
      outSlope: 0
      tangentMode: 0
      weightedMode: 0
      inWeight: 0.33333334
      outWeight: 0.33333334
    m_PreInfinity: 2
    m_PostInfinity: 2
    m_RotationOrder: 4
  spreadCustomCurve:
    serializedVersion: 2
    m_Curve:
    - serializedVersion: 3
      time: 0
      value: 0
      inSlope: 0
      outSlope: 0
      tangentMode: 0
      weightedMode: 0
      inWeight: 0.33333334
      outWeight: 0.33333334
    m_PreInfinity: 2
    m_PostInfinity: 2
    m_RotationOrder: 4
  reverbZoneMixCustomCurve:
    serializedVersion: 2
    m_Curve:
    - serializedVersion: 3
      time: 0
      value: 1
      inSlope: 0
      outSlope: 0
      tangentMode: 0
      weightedMode: 0
      inWeight: 0.33333334
      outWeight: 0.33333334
    m_PreInfinity: 2
    m_PostInfinity: 2
    m_RotationOrder: 4
--- !u!114 &4491718930489112898
MonoBehaviour:
  m_ObjectHideFlags: 0
  m_CorrespondingSourceObject: {fileID: 0}
  m_PrefabInstance: {fileID: 0}
  m_PrefabAsset: {fileID: 0}
  m_GameObject: {fileID: 3644717495178118165}
  m_Enabled: 1
  m_EditorHideFlags: 0
  m_Script: {fileID: 11500000, guid: 1e62a429120ffcf4baff9d4f43328f2b, type: 3}
  m_Name: 
  m_EditorClassIdentifier: 
  runSpeed: 8
  walkSpeed: 1.7
  groundLayer:
    serializedVersion: 2
    m_Bits: 256
  groundCheck: {fileID: 4491718930538062569}
  jumpHeight: 200
--- !u!114 &4491718930489112925
MonoBehaviour:
  m_ObjectHideFlags: 0
  m_CorrespondingSourceObject: {fileID: 0}
  m_PrefabInstance: {fileID: 0}
  m_PrefabAsset: {fileID: 0}
  m_GameObject: {fileID: 3644717495178118165}
  m_Enabled: 1
  m_EditorHideFlags: 0
  m_Script: {fileID: 11500000, guid: 27dfc287930b6e745bf74884c1452420, type: 3}
  m_Name: 
  m_EditorClassIdentifier: 
  fullHealth: 30
  playerDeadthFX: {fileID: 0}
  playerHealthSlider: {fileID: 0}
  damageScreen: {fileID: 0}
--- !u!1 &4038716275850036595
GameObject:
  m_ObjectHideFlags: 0
  m_CorrespondingSourceObject: {fileID: 0}
  m_PrefabInstance: {fileID: 0}
  m_PrefabAsset: {fileID: 0}
  serializedVersion: 6
  m_Component:
  - component: {fileID: 4045227756700381618}
  m_Layer: 0
  m_Name: bn_hip_L
  m_TagString: Untagged
  m_Icon: {fileID: 0}
  m_NavMeshLayer: 0
  m_StaticEditorFlags: 0
  m_IsActive: 1
--- !u!4 &4045227756700381618
Transform:
  m_ObjectHideFlags: 0
  m_CorrespondingSourceObject: {fileID: 0}
  m_PrefabInstance: {fileID: 0}
  m_PrefabAsset: {fileID: 0}
  m_GameObject: {fileID: 4038716275850036595}
  m_LocalRotation: {x: -0.11827447, y: -0.3268717, z: -0.14362463, w: 0.9265733}
  m_LocalPosition: {x: -0.1773093, y: -0.034779623, z: 0.08008754}
  m_LocalScale: {x: 1, y: 1, z: 1}
  m_Children:
  - {fileID: 1543364170500907289}
  m_Father: {fileID: 5908011849643314970}
  m_RootOrder: 1
  m_LocalEulerAnglesHint: {x: 0, y: 0, z: 0}
--- !u!1 &4418749789509061832
GameObject:
  m_ObjectHideFlags: 0
  m_CorrespondingSourceObject: {fileID: 0}
  m_PrefabInstance: {fileID: 0}
  m_PrefabAsset: {fileID: 0}
  serializedVersion: 6
  m_Component:
  - component: {fileID: 5961157665212977489}
  m_Layer: 0
  m_Name: bn_hip_R
  m_TagString: Untagged
  m_Icon: {fileID: 0}
  m_NavMeshLayer: 0
  m_StaticEditorFlags: 0
  m_IsActive: 1
--- !u!4 &5961157665212977489
Transform:
  m_ObjectHideFlags: 0
  m_CorrespondingSourceObject: {fileID: 0}
  m_PrefabInstance: {fileID: 0}
  m_PrefabAsset: {fileID: 0}
  m_GameObject: {fileID: 4418749789509061832}
  m_LocalRotation: {x: 0.9501681, y: 0.011541043, z: -0.3043261, w: -0.066581324}
  m_LocalPosition: {x: 0.17730975, y: -0.034779582, z: 0.0800875}
  m_LocalScale: {x: 1, y: 1, z: 1}
  m_Children:
  - {fileID: 8537311156641304936}
  m_Father: {fileID: 5908011849643314970}
  m_RootOrder: 2
  m_LocalEulerAnglesHint: {x: 0, y: 0, z: 0}
--- !u!1 &4491718929765426925
GameObject:
  m_ObjectHideFlags: 0
  m_CorrespondingSourceObject: {fileID: 0}
  m_PrefabInstance: {fileID: 0}
  m_PrefabAsset: {fileID: 0}
  serializedVersion: 6
  m_Component:
  - component: {fileID: 4491718929765426924}
  m_Layer: 9
  m_Name: Assault
  m_TagString: Untagged
  m_Icon: {fileID: 0}
  m_NavMeshLayer: 0
  m_StaticEditorFlags: 0
  m_IsActive: 1
--- !u!4 &4491718929765426924
Transform:
  m_ObjectHideFlags: 0
  m_CorrespondingSourceObject: {fileID: 0}
  m_PrefabInstance: {fileID: 0}
  m_PrefabAsset: {fileID: 0}
  m_GameObject: {fileID: 4491718929765426925}
  m_LocalRotation: {x: -0.67410916, y: 0.014576985, z: -0.0123189, w: 0.73838526}
  m_LocalPosition: {x: 0.3446781, y: 0.075895175, z: -0.18736094}
  m_LocalScale: {x: 1, y: 1, z: 1}
  m_Children:
  - {fileID: 6029791061081318133}
  - {fileID: 4491718929957143405}
  m_Father: {fileID: 4636520585434628435}
  m_RootOrder: 2
  m_LocalEulerAnglesHint: {x: 0, y: 0, z: 0}
--- !u!82 &4491718929690044006
AudioSource:
  m_ObjectHideFlags: 0
  m_CorrespondingSourceObject: {fileID: 0}
  m_PrefabInstance: {fileID: 0}
  m_PrefabAsset: {fileID: 0}
  m_GameObject: {fileID: 4491718929957143378}
  m_Enabled: 1
  serializedVersion: 4
  OutputAudioMixerGroup: {fileID: 0}
  m_audioClip: {fileID: 0}
  m_PlayOnAwake: 0
  m_Volume: 1
  m_Pitch: 1
  Loop: 0
  Mute: 0
  Spatialize: 0
  SpatializePostEffects: 0
  Priority: 128
  DopplerLevel: 1
  MinDistance: 1
  MaxDistance: 500
  Pan2D: 0
  rolloffMode: 0
  BypassEffects: 0
  BypassListenerEffects: 0
  BypassReverbZones: 0
  rolloffCustomCurve:
    serializedVersion: 2
    m_Curve:
    - serializedVersion: 3
      time: 0
      value: 1
      inSlope: 0
      outSlope: 0
      tangentMode: 0
      weightedMode: 0
      inWeight: 0.33333334
      outWeight: 0.33333334
    - serializedVersion: 3
      time: 1
      value: 0
      inSlope: 0
      outSlope: 0
      tangentMode: 0
      weightedMode: 0
      inWeight: 0.33333334
      outWeight: 0.33333334
    m_PreInfinity: 2
    m_PostInfinity: 2
    m_RotationOrder: 4
  panLevelCustomCurve:
    serializedVersion: 2
    m_Curve:
    - serializedVersion: 3
      time: 0
      value: 0
      inSlope: 0
      outSlope: 0
      tangentMode: 0
      weightedMode: 0
      inWeight: 0.33333334
      outWeight: 0.33333334
    m_PreInfinity: 2
    m_PostInfinity: 2
    m_RotationOrder: 4
  spreadCustomCurve:
    serializedVersion: 2
    m_Curve:
    - serializedVersion: 3
      time: 0
      value: 0
      inSlope: 0
      outSlope: 0
      tangentMode: 0
      weightedMode: 0
      inWeight: 0.33333334
      outWeight: 0.33333334
    m_PreInfinity: 2
    m_PostInfinity: 2
    m_RotationOrder: 4
  reverbZoneMixCustomCurve:
    serializedVersion: 2
    m_Curve:
    - serializedVersion: 3
      time: 0
      value: 1
      inSlope: 0
      outSlope: 0
      tangentMode: 0
      weightedMode: 0
      inWeight: 0.33333334
      outWeight: 0.33333334
    m_PreInfinity: 2
    m_PostInfinity: 2
    m_RotationOrder: 4
--- !u!1 &4491718930538062574
GameObject:
  m_ObjectHideFlags: 0
  m_CorrespondingSourceObject: {fileID: 0}
  m_PrefabInstance: {fileID: 0}
  m_PrefabAsset: {fileID: 0}
  serializedVersion: 6
  m_Component:
  - component: {fileID: 4491718930538062569}
  m_Layer: 0
  m_Name: ChackGroundLocation
  m_TagString: Untagged
  m_Icon: {fileID: 0}
  m_NavMeshLayer: 0
  m_StaticEditorFlags: 0
  m_IsActive: 1
--- !u!4 &4491718930538062569
Transform:
  m_ObjectHideFlags: 0
  m_CorrespondingSourceObject: {fileID: 0}
  m_PrefabInstance: {fileID: 0}
  m_PrefabAsset: {fileID: 0}
  m_GameObject: {fileID: 4491718930538062574}
  m_LocalRotation: {x: 0, y: 0, z: 0, w: 1}
  m_LocalPosition: {x: 0, y: -0.07, z: 0}
  m_LocalScale: {x: 1, y: 1, z: 1}
  m_Children: []
  m_Father: {fileID: 4170179240841322159}
  m_RootOrder: 2
  m_LocalEulerAnglesHint: {x: 0, y: 0, z: 0}
--- !u!1 &4843312739385242395
GameObject:
  m_ObjectHideFlags: 0
  m_CorrespondingSourceObject: {fileID: 0}
  m_PrefabInstance: {fileID: 0}
  m_PrefabAsset: {fileID: 0}
  serializedVersion: 6
  m_Component:
  - component: {fileID: 8120899155438656185}
  m_Layer: 0
  m_Name: bn_thumb_1_L
  m_TagString: Untagged
  m_Icon: {fileID: 0}
  m_NavMeshLayer: 0
  m_StaticEditorFlags: 0
  m_IsActive: 1
--- !u!4 &8120899155438656185
Transform:
  m_ObjectHideFlags: 0
  m_CorrespondingSourceObject: {fileID: 0}
  m_PrefabInstance: {fileID: 0}
  m_PrefabAsset: {fileID: 0}
  m_GameObject: {fileID: 4843312739385242395}
  m_LocalRotation: {x: 0.2655561, y: -0, z: -0, w: 0.9640954}
  m_LocalPosition: {x: -0.053288005, y: -0.057829384, z: 0.072147936}
  m_LocalScale: {x: 1, y: 1, z: 1}
  m_Children:
  - {fileID: 2207219996539941948}
  m_Father: {fileID: 7132339328947970752}
  m_RootOrder: 1
  m_LocalEulerAnglesHint: {x: 0, y: 0, z: 0}
--- !u!1 &5021259056111389791
GameObject:
  m_ObjectHideFlags: 0
  m_CorrespondingSourceObject: {fileID: 0}
  m_PrefabInstance: {fileID: 0}
  m_PrefabAsset: {fileID: 0}
  serializedVersion: 6
  m_Component:
  - component: {fileID: 6621661726979556077}
  m_Layer: 0
  m_Name: bn_index_1_L
  m_TagString: Untagged
  m_Icon: {fileID: 0}
  m_NavMeshLayer: 0
  m_StaticEditorFlags: 0
  m_IsActive: 1
--- !u!4 &6621661726979556077
Transform:
  m_ObjectHideFlags: 0
  m_CorrespondingSourceObject: {fileID: 0}
  m_PrefabInstance: {fileID: 0}
  m_PrefabAsset: {fileID: 0}
  m_GameObject: {fileID: 5021259056111389791}
  m_LocalRotation: {x: -0.030206457, y: 0.07590547, z: 0.36851087, w: 0.9260269}
  m_LocalPosition: {x: -0.055737402, y: 1.4210854e-16, z: 0.04719959}
  m_LocalScale: {x: 1, y: 1, z: 1}
  m_Children:
  - {fileID: 4088015138905929576}
  m_Father: {fileID: 6287213486096483544}
  m_RootOrder: 1
  m_LocalEulerAnglesHint: {x: 0, y: 0, z: 0}
--- !u!1 &5175083915791137900
GameObject:
  m_ObjectHideFlags: 0
  m_CorrespondingSourceObject: {fileID: 0}
  m_PrefabInstance: {fileID: 0}
  m_PrefabAsset: {fileID: 0}
  serializedVersion: 6
  m_Component:
  - component: {fileID: 4999627100995279839}
  m_Layer: 0
  m_Name: bn_fingers_2_L
  m_TagString: Untagged
  m_Icon: {fileID: 0}
  m_NavMeshLayer: 0
  m_StaticEditorFlags: 0
  m_IsActive: 1
--- !u!4 &4999627100995279839
Transform:
  m_ObjectHideFlags: 0
  m_CorrespondingSourceObject: {fileID: 0}
  m_PrefabInstance: {fileID: 0}
  m_PrefabAsset: {fileID: 0}
  m_GameObject: {fileID: 5175083915791137900}
  m_LocalRotation: {x: 0, y: 0, z: 0.38671097, w: 0.922201}
  m_LocalPosition: {x: -0.05583, y: 0, z: 0}
  m_LocalScale: {x: 1, y: 1, z: 1}
  m_Children:
  - {fileID: 6189921709649310998}
  m_Father: {fileID: 6775748750555755034}
  m_RootOrder: 0
  m_LocalEulerAnglesHint: {x: 0, y: 0, z: 0}
--- !u!1 &5284978580619198895
GameObject:
  m_ObjectHideFlags: 0
  m_CorrespondingSourceObject: {fileID: 0}
  m_PrefabInstance: {fileID: 0}
  m_PrefabAsset: {fileID: 0}
  serializedVersion: 6
  m_Component:
  - component: {fileID: 4781639865578144406}
  m_Layer: 0
  m_Name: bn_palm_R
  m_TagString: Untagged
  m_Icon: {fileID: 0}
  m_NavMeshLayer: 0
  m_StaticEditorFlags: 0
  m_IsActive: 1
--- !u!4 &4781639865578144406
Transform:
  m_ObjectHideFlags: 0
  m_CorrespondingSourceObject: {fileID: 0}
  m_PrefabInstance: {fileID: 0}
  m_PrefabAsset: {fileID: 0}
  m_GameObject: {fileID: 5284978580619198895}
  m_LocalRotation: {x: 0, y: -0, z: -0, w: 1}
  m_LocalPosition: {x: 0.071662, y: 0, z: 0}
  m_LocalScale: {x: 1, y: 1, z: 1}
  m_Children:
  - {fileID: 6635560287353162371}
  - {fileID: 6154339953410456916}
  m_Father: {fileID: 4636520585434628435}
  m_RootOrder: 0
  m_LocalEulerAnglesHint: {x: 0, y: 0, z: 0}
--- !u!1 &5714961313886416905
GameObject:
  m_ObjectHideFlags: 0
  m_CorrespondingSourceObject: {fileID: 0}
  m_PrefabInstance: {fileID: 0}
  m_PrefabAsset: {fileID: 0}
  serializedVersion: 6
  m_Component:
  - component: {fileID: 2207219996539941948}
  m_Layer: 0
  m_Name: bn_thumb_2_L
  m_TagString: Untagged
  m_Icon: {fileID: 0}
  m_NavMeshLayer: 0
  m_StaticEditorFlags: 0
  m_IsActive: 1
--- !u!4 &2207219996539941948
Transform:
  m_ObjectHideFlags: 0
  m_CorrespondingSourceObject: {fileID: 0}
  m_PrefabInstance: {fileID: 0}
  m_PrefabAsset: {fileID: 0}
  m_GameObject: {fileID: 5714961313886416905}
  m_LocalRotation: {x: 0, y: -0.2655561, z: -0, w: 0.9640954}
  m_LocalPosition: {x: -0.043933086, y: -0.038702957, z: 0}
  m_LocalScale: {x: 1, y: 1, z: 1}
  m_Children: []
  m_Father: {fileID: 8120899155438656185}
  m_RootOrder: 0
  m_LocalEulerAnglesHint: {x: 0, y: 0, z: 0}
--- !u!1 &5794575825917329344
GameObject:
  m_ObjectHideFlags: 0
  m_CorrespondingSourceObject: {fileID: 0}
  m_PrefabInstance: {fileID: 0}
  m_PrefabAsset: {fileID: 0}
  serializedVersion: 6
  m_Component:
  - component: {fileID: 8424621678260653879}
  m_Layer: 0
  m_Name: bn_index_3_L
  m_TagString: Untagged
  m_Icon: {fileID: 0}
  m_NavMeshLayer: 0
  m_StaticEditorFlags: 0
  m_IsActive: 1
--- !u!4 &8424621678260653879
Transform:
  m_ObjectHideFlags: 0
  m_CorrespondingSourceObject: {fileID: 0}
  m_PrefabInstance: {fileID: 0}
  m_PrefabAsset: {fileID: 0}
  m_GameObject: {fileID: 5794575825917329344}
  m_LocalRotation: {x: 0, y: 0, z: 0.36974677, w: 0.9291326}
  m_LocalPosition: {x: -0.045900002, y: -1.4210854e-16, z: -8.881784e-18}
  m_LocalScale: {x: 1, y: 1, z: 1}
  m_Children: []
  m_Father: {fileID: 4088015138905929576}
  m_RootOrder: 0
  m_LocalEulerAnglesHint: {x: 0, y: 0, z: 0}
--- !u!1 &6023269124347231173
GameObject:
  m_ObjectHideFlags: 0
  m_CorrespondingSourceObject: {fileID: 0}
  m_PrefabInstance: {fileID: 0}
  m_PrefabAsset: {fileID: 0}
  serializedVersion: 6
  m_Component:
  - component: {fileID: 6154339953410456916}
  m_Layer: 0
  m_Name: bn_index_1_R
  m_TagString: Untagged
  m_Icon: {fileID: 0}
  m_NavMeshLayer: 0
  m_StaticEditorFlags: 0
  m_IsActive: 1
--- !u!4 &6154339953410456916
Transform:
  m_ObjectHideFlags: 0
  m_CorrespondingSourceObject: {fileID: 0}
  m_PrefabInstance: {fileID: 0}
  m_PrefabAsset: {fileID: 0}
  m_GameObject: {fileID: 6023269124347231173}
  m_LocalRotation: {x: -0.028811311, y: 0.07644862, z: 0.3514795, w: 0.9326241}
  m_LocalPosition: {x: 0.055738, y: 0, z: -0.0471996}
  m_LocalScale: {x: 1, y: 1, z: 1}
  m_Children:
  - {fileID: 3315615456828728409}
  m_Father: {fileID: 4781639865578144406}
  m_RootOrder: 1
  m_LocalEulerAnglesHint: {x: 0, y: 0, z: 0}
--- !u!1 &6066502064666756117
GameObject:
  m_ObjectHideFlags: 0
  m_CorrespondingSourceObject: {fileID: 0}
  m_PrefabInstance: {fileID: 0}
  m_PrefabAsset: {fileID: 0}
  serializedVersion: 6
  m_Component:
  - component: {fileID: 58449152057118731}
  m_Layer: 0
  m_Name: rig
  m_TagString: Untagged
  m_Icon: {fileID: 0}
  m_NavMeshLayer: 0
  m_StaticEditorFlags: 0
  m_IsActive: 1
--- !u!4 &58449152057118731
Transform:
  m_ObjectHideFlags: 0
  m_CorrespondingSourceObject: {fileID: 0}
  m_PrefabInstance: {fileID: 0}
  m_PrefabAsset: {fileID: 0}
  m_GameObject: {fileID: 6066502064666756117}
  m_LocalRotation: {x: 0, y: -0, z: -0, w: 1}
  m_LocalPosition: {x: -0, y: 0, z: 0}
  m_LocalScale: {x: 1, y: 1, z: 1}
  m_Children:
  - {fileID: 3292322714275495632}
  m_Father: {fileID: 4411972397670839779}
  m_RootOrder: 0
  m_LocalEulerAnglesHint: {x: 0, y: 0, z: 0}
--- !u!1 &6307729347529913479
GameObject:
  m_ObjectHideFlags: 0
  m_CorrespondingSourceObject: {fileID: 0}
  m_PrefabInstance: {fileID: 0}
  m_PrefabAsset: {fileID: 0}
  serializedVersion: 6
  m_Component:
  - component: {fileID: 7132339328947970752}
  m_Layer: 0
  m_Name: bn_hand_L
  m_TagString: Untagged
  m_Icon: {fileID: 0}
  m_NavMeshLayer: 0
  m_StaticEditorFlags: 0
  m_IsActive: 1
--- !u!4 &7132339328947970752
Transform:
  m_ObjectHideFlags: 0
  m_CorrespondingSourceObject: {fileID: 0}
  m_PrefabInstance: {fileID: 0}
  m_PrefabAsset: {fileID: 0}
  m_GameObject: {fileID: 6307729347529913479}
  m_LocalRotation: {x: -0.22683832, y: 0.109970845, z: 0.06597283, w: 0.96545243}
  m_LocalPosition: {x: -0.020492675, y: -0.0010930795, z: -0.00081397005}
  m_LocalScale: {x: 1, y: 1, z: 1}
  m_Children:
  - {fileID: 6287213486096483544}
  - {fileID: 8120899155438656185}
  m_Father: {fileID: 3681154908806002271}
  m_RootOrder: 0
  m_LocalEulerAnglesHint: {x: 0, y: 0, z: 0}
--- !u!1 &6541667670958029163
GameObject:
  m_ObjectHideFlags: 0
  m_CorrespondingSourceObject: {fileID: 0}
  m_PrefabInstance: {fileID: 0}
  m_PrefabAsset: {fileID: 0}
  serializedVersion: 6
  m_Component:
  - component: {fileID: 5402226643997719209}
  m_Layer: 0
  m_Name: bn_wrist_R
  m_TagString: Untagged
  m_Icon: {fileID: 0}
  m_NavMeshLayer: 0
  m_StaticEditorFlags: 0
  m_IsActive: 1
--- !u!4 &5402226643997719209
Transform:
  m_ObjectHideFlags: 0
  m_CorrespondingSourceObject: {fileID: 0}
  m_PrefabInstance: {fileID: 0}
  m_PrefabAsset: {fileID: 0}
  m_GameObject: {fileID: 6541667670958029163}
  m_LocalRotation: {x: 0, y: -0, z: -0, w: 1}
  m_LocalPosition: {x: 0.187884, y: 0, z: -0.045890197}
  m_LocalScale: {x: 1, y: 1, z: 1}
  m_Children:
  - {fileID: 4636520585434628435}
  m_Father: {fileID: 353567575941652134}
  m_RootOrder: 0
  m_LocalEulerAnglesHint: {x: 0, y: 0, z: 0}
--- !u!1 &6755216883749459164
GameObject:
  m_ObjectHideFlags: 0
  m_CorrespondingSourceObject: {fileID: 0}
  m_PrefabInstance: {fileID: 0}
  m_PrefabAsset: {fileID: 0}
  serializedVersion: 6
  m_Component:
  - component: {fileID: 8963350186105820722}
  m_Layer: 0
  m_Name: bn_ankle_L
  m_TagString: Untagged
  m_Icon: {fileID: 0}
  m_NavMeshLayer: 0
  m_StaticEditorFlags: 0
  m_IsActive: 1
--- !u!4 &8963350186105820722
Transform:
  m_ObjectHideFlags: 0
  m_CorrespondingSourceObject: {fileID: 0}
  m_PrefabInstance: {fileID: 0}
  m_PrefabAsset: {fileID: 0}
  m_GameObject: {fileID: 6755216883749459164}
  m_LocalRotation: {x: -0.09413683, y: 0.0009811773, z: 0.018626403, w: 0.9953846}
  m_LocalPosition: {x: -0.0043307994, y: -0.2868511, z: -0.15662305}
  m_LocalScale: {x: 1, y: 1, z: 1}
  m_Children:
  - {fileID: 23420293995796409}
  m_Father: {fileID: 1543364170500907289}
  m_RootOrder: 0
  m_LocalEulerAnglesHint: {x: 0, y: 0, z: 0}
--- !u!1 &7101436210093230519
GameObject:
  m_ObjectHideFlags: 0
  m_CorrespondingSourceObject: {fileID: 0}
  m_PrefabInstance: {fileID: 0}
  m_PrefabAsset: {fileID: 0}
  serializedVersion: 6
  m_Component:
  - component: {fileID: 1081950503700685080}
  m_Layer: 0
  m_Name: bn_elbow_L
  m_TagString: Untagged
  m_Icon: {fileID: 0}
  m_NavMeshLayer: 0
  m_StaticEditorFlags: 0
  m_IsActive: 1
--- !u!4 &1081950503700685080
Transform:
  m_ObjectHideFlags: 0
  m_CorrespondingSourceObject: {fileID: 0}
  m_PrefabInstance: {fileID: 0}
  m_PrefabAsset: {fileID: 0}
  m_GameObject: {fileID: 7101436210093230519}
  m_LocalRotation: {x: -5.071342e-16, y: 0.5284717, z: 5.579424e-16, w: 0.8489509}
  m_LocalPosition: {x: -0.29, y: -1.4210854e-16, z: -0.021476418}
  m_LocalScale: {x: 1, y: 1, z: 1}
  m_Children:
  - {fileID: 3681154908806002271}
  m_Father: {fileID: 1973890673923622429}
  m_RootOrder: 0
  m_LocalEulerAnglesHint: {x: 0, y: 0, z: 0}
--- !u!1 &7318452005470847908
GameObject:
  m_ObjectHideFlags: 0
  m_CorrespondingSourceObject: {fileID: 0}
  m_PrefabInstance: {fileID: 0}
  m_PrefabAsset: {fileID: 0}
  serializedVersion: 6
  m_Component:
  - component: {fileID: 1973890673923622429}
  m_Layer: 0
  m_Name: bn_shoulder_L
  m_TagString: Untagged
  m_Icon: {fileID: 0}
  m_NavMeshLayer: 0
  m_StaticEditorFlags: 0
  m_IsActive: 1
--- !u!4 &1973890673923622429
Transform:
  m_ObjectHideFlags: 0
  m_CorrespondingSourceObject: {fileID: 0}
  m_PrefabInstance: {fileID: 0}
  m_PrefabAsset: {fileID: 0}
  m_GameObject: {fileID: 7318452005470847908}
  m_LocalRotation: {x: -0.053687405, y: 0.11112767, z: 0.48541325, w: 0.8655301}
  m_LocalPosition: {x: -0.065630004, y: -0.094616495, z: 0}
  m_LocalScale: {x: 1, y: 1, z: 1}
  m_Children:
  - {fileID: 1081950503700685080}
  m_Father: {fileID: 2944772199221607355}
  m_RootOrder: 0
  m_LocalEulerAnglesHint: {x: 0, y: 0, z: 0}
--- !u!1 &7335249969285120644
GameObject:
  m_ObjectHideFlags: 0
  m_CorrespondingSourceObject: {fileID: 0}
  m_PrefabInstance: {fileID: 0}
  m_PrefabAsset: {fileID: 0}
  serializedVersion: 6
  m_Component:
  - component: {fileID: 2695316707866715662}
  m_Layer: 0
  m_Name: bx_toe_R
  m_TagString: Untagged
  m_Icon: {fileID: 0}
  m_NavMeshLayer: 0
  m_StaticEditorFlags: 0
  m_IsActive: 1
--- !u!4 &2695316707866715662
Transform:
  m_ObjectHideFlags: 0
  m_CorrespondingSourceObject: {fileID: 0}
  m_PrefabInstance: {fileID: 0}
  m_PrefabAsset: {fileID: 0}
  m_GameObject: {fileID: 7335249969285120644}
  m_LocalRotation: {x: 1, y: -0, z: 0, w: 6.123234e-17}
  m_LocalPosition: {x: 0.00119, y: 0.001975055, z: -0.1482936}
  m_LocalScale: {x: 1, y: 1, z: 1}
  m_Children: []
  m_Father: {fileID: 7285362815756046997}
  m_RootOrder: 0
  m_LocalEulerAnglesHint: {x: 0, y: 0, z: 0}
--- !u!1 &7593973266314602618
GameObject:
  m_ObjectHideFlags: 0
  m_CorrespondingSourceObject: {fileID: 0}
  m_PrefabInstance: {fileID: 0}
  m_PrefabAsset: {fileID: 0}
  serializedVersion: 6
  m_Component:
  - component: {fileID: 8537311156641304936}
  m_Layer: 0
  m_Name: bn_knee_R
  m_TagString: Untagged
  m_Icon: {fileID: 0}
  m_NavMeshLayer: 0
  m_StaticEditorFlags: 0
  m_IsActive: 1
--- !u!4 &8537311156641304936
Transform:
  m_ObjectHideFlags: 0
  m_CorrespondingSourceObject: {fileID: 0}
  m_PrefabInstance: {fileID: 0}
  m_PrefabAsset: {fileID: 0}
  m_GameObject: {fileID: 7593973266314602618}
  m_LocalRotation: {x: 0.035894305, y: -0.00054164306, z: 0.000019311967, w: 0.99935544}
  m_LocalPosition: {x: 0.005593998, y: 0.370581, z: -0.1007975}
  m_LocalScale: {x: 1, y: 1, z: 1}
  m_Children:
  - {fileID: 5270699331933235193}
  m_Father: {fileID: 5961157665212977489}
  m_RootOrder: 0
  m_LocalEulerAnglesHint: {x: 0, y: 0, z: 0}
--- !u!1 &7607428418201627304
GameObject:
  m_ObjectHideFlags: 0
  m_CorrespondingSourceObject: {fileID: 0}
  m_PrefabInstance: {fileID: 0}
  m_PrefabAsset: {fileID: 0}
  serializedVersion: 6
  m_Component:
  - component: {fileID: 1230909703520796314}
  - component: {fileID: 3665568298322100975}
  m_Layer: 0
  m_Name: soldier
  m_TagString: Untagged
  m_Icon: {fileID: 0}
  m_NavMeshLayer: 0
  m_StaticEditorFlags: 0
  m_IsActive: 1
--- !u!4 &1230909703520796314
Transform:
  m_ObjectHideFlags: 0
  m_CorrespondingSourceObject: {fileID: 0}
  m_PrefabInstance: {fileID: 0}
  m_PrefabAsset: {fileID: 0}
  m_GameObject: {fileID: 7607428418201627304}
  m_LocalRotation: {x: 0, y: -0, z: -0, w: 1}
  m_LocalPosition: {x: -0, y: 0, z: 0}
  m_LocalScale: {x: 1, y: 1, z: 1}
  m_Children: []
  m_Father: {fileID: 4170179240841322159}
  m_RootOrder: 1
  m_LocalEulerAnglesHint: {x: 0, y: 0, z: 0}
--- !u!137 &3665568298322100975
SkinnedMeshRenderer:
  m_ObjectHideFlags: 0
  m_CorrespondingSourceObject: {fileID: 0}
  m_PrefabInstance: {fileID: 0}
  m_PrefabAsset: {fileID: 0}
  m_GameObject: {fileID: 7607428418201627304}
  m_Enabled: 1
  m_CastShadows: 1
  m_ReceiveShadows: 1
  m_DynamicOccludee: 1
  m_MotionVectors: 1
  m_LightProbeUsage: 1
  m_ReflectionProbeUsage: 1
  m_RayTracingMode: 0
  m_RenderingLayerMask: 1
  m_RendererPriority: 0
  m_Materials:
  - {fileID: 2100000, guid: 77021fa425d571b47a7764db214cfaa8, type: 2}
  m_StaticBatchInfo:
    firstSubMesh: 0
    subMeshCount: 0
  m_StaticBatchRoot: {fileID: 0}
  m_ProbeAnchor: {fileID: 0}
  m_LightProbeVolumeOverride: {fileID: 0}
  m_ScaleInLightmap: 1
  m_ReceiveGI: 1
  m_PreserveUVs: 0
  m_IgnoreNormalsForChartDetection: 0
  m_ImportantGI: 0
  m_StitchLightmapSeams: 1
  m_SelectedEditorRenderState: 3
  m_MinimumChartSize: 4
  m_AutoUVMaxDistance: 0.5
  m_AutoUVMaxAngle: 89
  m_LightmapParameters: {fileID: 0}
  m_SortingLayerID: 0
  m_SortingLayer: 0
  m_SortingOrder: 0
  serializedVersion: 2
  m_Quality: 0
  m_UpdateWhenOffscreen: 0
  m_SkinnedMotionVectors: 1
  m_Mesh: {fileID: -8336248049030891819, guid: d9ae0681f2a8d34479cb75fcc9f27d46, type: 3}
  m_Bones:
  - {fileID: 8963350186105820722}
  - {fileID: 5270699331933235193}
  - {fileID: 23420293995796409}
  - {fileID: 7285362815756046997}
  - {fileID: 2944772199221607355}
  - {fileID: 4406934148517756255}
  - {fileID: 2421505497330038132}
  - {fileID: 1081950503700685080}
  - {fileID: 353567575941652134}
  - {fileID: 6775748750555755034}
  - {fileID: 6635560287353162371}
  - {fileID: 4999627100995279839}
  - {fileID: 3038970679964286783}
  - {fileID: 6189921709649310998}
  - {fileID: 3806536503903583547}
  - {fileID: 7132339328947970752}
  - {fileID: 4636520585434628435}
  - {fileID: 4045227756700381618}
  - {fileID: 5961157665212977489}
  - {fileID: 6621661726979556077}
  - {fileID: 6154339953410456916}
  - {fileID: 4088015138905929576}
  - {fileID: 3315615456828728409}
  - {fileID: 8424621678260653879}
  - {fileID: 2589808608389792571}
  - {fileID: 6596295515535489989}
  - {fileID: 1543364170500907289}
  - {fileID: 8537311156641304936}
  - {fileID: 2896053382555881261}
  - {fileID: 5407689357970676686}
  - {fileID: 6287213486096483544}
  - {fileID: 4781639865578144406}
  - {fileID: 1973890673923622429}
  - {fileID: 7873969878619139144}
  - {fileID: 6131932053052136727}
  - {fileID: 8120899155438656185}
  - {fileID: 4005379589278871575}
  - {fileID: 2207219996539941948}
  - {fileID: 4817422291859166849}
  - {fileID: 3681154908806002271}
  - {fileID: 5402226643997719209}
  m_BlendShapeWeights: []
  m_RootBone: {fileID: 2896053382555881261}
  m_AABB:
    m_Center: {x: 0.051245958, y: -0.0100290775, z: 0.113276154}
    m_Extent: {x: 0.6165496, y: 0.8524003, z: 0.43373647}
  m_DirtyAABB: 0
--- !u!1 &7854445742187612353
GameObject:
  m_ObjectHideFlags: 0
  m_CorrespondingSourceObject: {fileID: 0}
  m_PrefabInstance: {fileID: 0}
  m_PrefabAsset: {fileID: 0}
  serializedVersion: 6
  m_Component:
  - component: {fileID: 7285362815756046997}
  m_Layer: 0
  m_Name: bn_ball_R
  m_TagString: Untagged
  m_Icon: {fileID: 0}
  m_NavMeshLayer: 0
  m_StaticEditorFlags: 0
  m_IsActive: 1
--- !u!4 &7285362815756046997
Transform:
  m_ObjectHideFlags: 0
  m_CorrespondingSourceObject: {fileID: 0}
  m_PrefabInstance: {fileID: 0}
  m_PrefabAsset: {fileID: 0}
  m_GameObject: {fileID: 7854445742187612353}
  m_LocalRotation: {x: -0.000000064113216, y: 0.00000001480757, z: -3.17269e-10, w: 1}
  m_LocalPosition: {x: 0.0011939986, y: 0.079077855, z: -0.16509576}
  m_LocalScale: {x: 1, y: 1, z: 1}
  m_Children:
  - {fileID: 2695316707866715662}
  m_Father: {fileID: 5270699331933235193}
  m_RootOrder: 0
  m_LocalEulerAnglesHint: {x: 0, y: 0, z: 0}
--- !u!1 &7946435534768209612
GameObject:
  m_ObjectHideFlags: 0
  m_CorrespondingSourceObject: {fileID: 0}
  m_PrefabInstance: {fileID: 0}
  m_PrefabAsset: {fileID: 0}
  serializedVersion: 6
  m_Component:
  - component: {fileID: 6775748750555755034}
  m_Layer: 0
  m_Name: bn_fingers_1_L
  m_TagString: Untagged
  m_Icon: {fileID: 0}
  m_NavMeshLayer: 0
  m_StaticEditorFlags: 0
  m_IsActive: 1
--- !u!4 &6775748750555755034
Transform:
  m_ObjectHideFlags: 0
  m_CorrespondingSourceObject: {fileID: 0}
  m_PrefabInstance: {fileID: 0}
  m_PrefabAsset: {fileID: 0}
  m_GameObject: {fileID: 7946435534768209612}
  m_LocalRotation: {x: 0, y: 0, z: 0.38671097, w: 0.922201}
  m_LocalPosition: {x: -0.050306153, y: -0.0001367213, z: -0.007934308}
  m_LocalScale: {x: 1, y: 1, z: 1}
  m_Children:
  - {fileID: 4999627100995279839}
  m_Father: {fileID: 6287213486096483544}
  m_RootOrder: 0
  m_LocalEulerAnglesHint: {x: 0, y: 0, z: 0}
--- !u!1 &8088796916006689408
GameObject:
  m_ObjectHideFlags: 0
  m_CorrespondingSourceObject: {fileID: 0}
  m_PrefabInstance: {fileID: 0}
  m_PrefabAsset: {fileID: 0}
  serializedVersion: 6
  m_Component:
  - component: {fileID: 6189921709649310998}
  m_Layer: 0
  m_Name: bn_fingers_3_L
  m_TagString: Untagged
  m_Icon: {fileID: 0}
  m_NavMeshLayer: 0
  m_StaticEditorFlags: 0
  m_IsActive: 1
--- !u!4 &6189921709649310998
Transform:
  m_ObjectHideFlags: 0
  m_CorrespondingSourceObject: {fileID: 0}
  m_PrefabInstance: {fileID: 0}
  m_PrefabAsset: {fileID: 0}
  m_GameObject: {fileID: 8088796916006689408}
  m_LocalRotation: {x: 0, y: 0, z: 0.38671097, w: 0.922201}
  m_LocalPosition: {x: -0.053969998, y: 0, z: 0}
  m_LocalScale: {x: 1, y: 1, z: 1}
  m_Children: []
  m_Father: {fileID: 4999627100995279839}
  m_RootOrder: 0
  m_LocalEulerAnglesHint: {x: 0, y: 0, z: 0}
--- !u!1 &8120947911112868917
GameObject:
  m_ObjectHideFlags: 0
  m_CorrespondingSourceObject: {fileID: 0}
  m_PrefabInstance: {fileID: 0}
  m_PrefabAsset: {fileID: 0}
  serializedVersion: 6
  m_Component:
  - component: {fileID: 6287213486096483544}
  m_Layer: 0
  m_Name: bn_palm_L
  m_TagString: Untagged
  m_Icon: {fileID: 0}
  m_NavMeshLayer: 0
  m_StaticEditorFlags: 0
  m_IsActive: 1
--- !u!4 &6287213486096483544
Transform:
  m_ObjectHideFlags: 0
  m_CorrespondingSourceObject: {fileID: 0}
  m_PrefabInstance: {fileID: 0}
  m_PrefabAsset: {fileID: 0}
  m_GameObject: {fileID: 8120947911112868917}
  m_LocalRotation: {x: 0, y: -0, z: -0, w: 1}
  m_LocalPosition: {x: -0.071662374, y: -1.4210854e-16, z: 0}
  m_LocalScale: {x: 1, y: 1, z: 1}
  m_Children:
  - {fileID: 6775748750555755034}
  - {fileID: 6621661726979556077}
  m_Father: {fileID: 7132339328947970752}
  m_RootOrder: 0
  m_LocalEulerAnglesHint: {x: 0, y: 0, z: 0}
--- !u!1 &8127683641128415708
GameObject:
  m_ObjectHideFlags: 0
  m_CorrespondingSourceObject: {fileID: 0}
  m_PrefabInstance: {fileID: 0}
  m_PrefabAsset: {fileID: 0}
  serializedVersion: 6
  m_Component:
  - component: {fileID: 3315615456828728409}
  m_Layer: 0
  m_Name: bn_index_2_R
  m_TagString: Untagged
  m_Icon: {fileID: 0}
  m_NavMeshLayer: 0
  m_StaticEditorFlags: 0
  m_IsActive: 1
--- !u!4 &3315615456828728409
Transform:
  m_ObjectHideFlags: 0
  m_CorrespondingSourceObject: {fileID: 0}
  m_PrefabInstance: {fileID: 0}
  m_PrefabAsset: {fileID: 0}
  m_GameObject: {fileID: 8127683641128415708}
  m_LocalRotation: {x: 0, y: 0, z: 0.35265836, w: 0.93575215}
  m_LocalPosition: {x: 0.040676437, y: 1.1463183e-35, z: 1.0018183e-18}
  m_LocalScale: {x: 1, y: 1, z: 1}
  m_Children:
  - {fileID: 2589808608389792571}
  m_Father: {fileID: 6154339953410456916}
  m_RootOrder: 0
  m_LocalEulerAnglesHint: {x: 0, y: 0, z: 0}
--- !u!1 &8255279657420620933
GameObject:
  m_ObjectHideFlags: 0
  m_CorrespondingSourceObject: {fileID: 0}
  m_PrefabInstance: {fileID: 0}
  m_PrefabAsset: {fileID: 0}
  serializedVersion: 6
  m_Component:
  - component: {fileID: 5908011849643314970}
  m_Layer: 0
  m_Name: bx_Pelvis
  m_TagString: Untagged
  m_Icon: {fileID: 0}
  m_NavMeshLayer: 0
  m_StaticEditorFlags: 0
  m_IsActive: 1
--- !u!4 &5908011849643314970
Transform:
  m_ObjectHideFlags: 0
  m_CorrespondingSourceObject: {fileID: 0}
  m_PrefabInstance: {fileID: 0}
  m_PrefabAsset: {fileID: 0}
  m_GameObject: {fileID: 8255279657420620933}
  m_LocalRotation: {x: -0.0323181, y: -0.07891765, z: 0.074238814, w: 0.99358755}
  m_LocalPosition: {x: -0.0004097659, y: -0.02561141, z: 0.00016987132}
  m_LocalScale: {x: 1, y: 1, z: 1}
  m_Children:
  - {fileID: 2421505497330038132}
  - {fileID: 4045227756700381618}
  - {fileID: 5961157665212977489}
  m_Father: {fileID: 3292322714275495632}
  m_RootOrder: 1
  m_LocalEulerAnglesHint: {x: 0, y: 0, z: 0}
--- !u!1 &8315529192517242348
GameObject:
  m_ObjectHideFlags: 0
  m_CorrespondingSourceObject: {fileID: 0}
  m_PrefabInstance: {fileID: 0}
  m_PrefabAsset: {fileID: 0}
  serializedVersion: 6
  m_Component:
  - component: {fileID: 6131932053052136727}
  m_Layer: 0
  m_Name: bn_spine
  m_TagString: Untagged
  m_Icon: {fileID: 0}
  m_NavMeshLayer: 0
  m_StaticEditorFlags: 0
  m_IsActive: 1
--- !u!4 &6131932053052136727
Transform:
  m_ObjectHideFlags: 0
  m_CorrespondingSourceObject: {fileID: 0}
  m_PrefabInstance: {fileID: 0}
  m_PrefabAsset: {fileID: 0}
  m_GameObject: {fileID: 8315529192517242348}
  m_LocalRotation: {x: 0, y: 0.059405785, z: -0, w: 0.9982339}
  m_LocalPosition: {x: -0, y: 0.24323785, z: -0.044472255}
  m_LocalScale: {x: 1, y: 1, z: 1}
  m_Children:
  - {fileID: 2944772199221607355}
  - {fileID: 4406934148517756255}
  - {fileID: 5407689357970676686}
  m_Father: {fileID: 2896053382555881261}
  m_RootOrder: 0
  m_LocalEulerAnglesHint: {x: 0, y: 0, z: 0}
--- !u!1 &8612502628594936814
GameObject:
  m_ObjectHideFlags: 0
  m_CorrespondingSourceObject: {fileID: 0}
  m_PrefabInstance: {fileID: 0}
  m_PrefabAsset: {fileID: 0}
  serializedVersion: 6
  m_Component:
  - component: {fileID: 353567575941652134}
  m_Layer: 0
  m_Name: bn_elbow_R
  m_TagString: Untagged
  m_Icon: {fileID: 0}
  m_NavMeshLayer: 0
  m_StaticEditorFlags: 0
  m_IsActive: 1
--- !u!4 &353567575941652134
Transform:
  m_ObjectHideFlags: 0
  m_CorrespondingSourceObject: {fileID: 0}
  m_PrefabInstance: {fileID: 0}
  m_PrefabAsset: {fileID: 0}
  m_GameObject: {fileID: 8612502628594936814}
  m_LocalRotation: {x: -2.8754096e-11, y: 0.62302905, z: 4.19368e-11, w: 0.7821988}
  m_LocalPosition: {x: 0.29, y: -1.0108103e-11, z: 0.0313081}
  m_LocalScale: {x: 1, y: 1, z: 1}
  m_Children:
  - {fileID: 5402226643997719209}
  m_Father: {fileID: 7873969878619139144}
  m_RootOrder: 0
  m_LocalEulerAnglesHint: {x: 0, y: 0, z: 0}
--- !u!1001 &5868316368839910470
PrefabInstance:
  m_ObjectHideFlags: 0
  serializedVersion: 2
  m_Modification:
    m_TransformParent: {fileID: 4491718929765426924}
    m_Modifications:
    - target: {fileID: 8009010049058760468, guid: fad73850a38d84645b42391617a3eb08,
        type: 3}
      propertyPath: m_Name
      value: gunMuzzie
      objectReference: {fileID: 0}
    - target: {fileID: 8009010049058760490, guid: fad73850a38d84645b42391617a3eb08,
        type: 3}
      propertyPath: playerAmmoSlider
      value: 
      objectReference: {fileID: 0}
    - target: {fileID: 8009010049058760490, guid: fad73850a38d84645b42391617a3eb08,
        type: 3}
      propertyPath: projectile
      value: 
      objectReference: {fileID: 1500003195813270072, guid: 4e28db3045c81f84f8e6b0956345ea32,
        type: 3}
    - target: {fileID: 8009010049058760490, guid: fad73850a38d84645b42391617a3eb08,
        type: 3}
      propertyPath: maxRounds
      value: 100
      objectReference: {fileID: 0}
    - target: {fileID: 8009010049058760490, guid: fad73850a38d84645b42391617a3eb08,
        type: 3}
      propertyPath: startingRounds
      value: 50
      objectReference: {fileID: 0}
    - target: {fileID: 8009010049058760490, guid: fad73850a38d84645b42391617a3eb08,
        type: 3}
      propertyPath: shootSound
      value: 
      objectReference: {fileID: 8300000, guid: d72aef7c81995724a9a74a738484fca7, type: 3}
    - target: {fileID: 8009010049058760490, guid: fad73850a38d84645b42391617a3eb08,
        type: 3}
      propertyPath: reloadSound
      value: 
      objectReference: {fileID: 8300000, guid: 3121a2de330c5074f89416ac18788bd2, type: 3}
    - target: {fileID: 8009010049058760491, guid: fad73850a38d84645b42391617a3eb08,
        type: 3}
      propertyPath: m_LocalPosition.x
      value: 0.38
      objectReference: {fileID: 0}
    - target: {fileID: 8009010049058760491, guid: fad73850a38d84645b42391617a3eb08,
        type: 3}
      propertyPath: m_LocalPosition.y
      value: 0
      objectReference: {fileID: 0}
    - target: {fileID: 8009010049058760491, guid: fad73850a38d84645b42391617a3eb08,
        type: 3}
      propertyPath: m_LocalPosition.z
      value: 0
      objectReference: {fileID: 0}
    - target: {fileID: 8009010049058760491, guid: fad73850a38d84645b42391617a3eb08,
        type: 3}
      propertyPath: m_LocalRotation.x
      value: 0
      objectReference: {fileID: 0}
    - target: {fileID: 8009010049058760491, guid: fad73850a38d84645b42391617a3eb08,
        type: 3}
      propertyPath: m_LocalRotation.y
      value: 0
      objectReference: {fileID: 0}
    - target: {fileID: 8009010049058760491, guid: fad73850a38d84645b42391617a3eb08,
        type: 3}
      propertyPath: m_LocalRotation.z
      value: 0
      objectReference: {fileID: 0}
    - target: {fileID: 8009010049058760491, guid: fad73850a38d84645b42391617a3eb08,
        type: 3}
      propertyPath: m_LocalRotation.w
      value: 1
      objectReference: {fileID: 0}
    - target: {fileID: 8009010049058760491, guid: fad73850a38d84645b42391617a3eb08,
        type: 3}
      propertyPath: m_RootOrder
      value: 1
      objectReference: {fileID: 0}
    - target: {fileID: 8009010049058760491, guid: fad73850a38d84645b42391617a3eb08,
        type: 3}
      propertyPath: m_LocalEulerAnglesHint.x
      value: 0
      objectReference: {fileID: 0}
    - target: {fileID: 8009010049058760491, guid: fad73850a38d84645b42391617a3eb08,
        type: 3}
      propertyPath: m_LocalEulerAnglesHint.y
      value: 0
      objectReference: {fileID: 0}
    - target: {fileID: 8009010049058760491, guid: fad73850a38d84645b42391617a3eb08,
        type: 3}
      propertyPath: m_LocalEulerAnglesHint.z
      value: 0
      objectReference: {fileID: 0}
    m_RemovedComponents: []
  m_SourcePrefab: {fileID: 100100000, guid: fad73850a38d84645b42391617a3eb08, type: 3}
--- !u!1 &4491718929957143378 stripped
GameObject:
  m_CorrespondingSourceObject: {fileID: 8009010049058760468, guid: fad73850a38d84645b42391617a3eb08,
    type: 3}
  m_PrefabInstance: {fileID: 5868316368839910470}
  m_PrefabAsset: {fileID: 0}
--- !u!4 &4491718929957143405 stripped
Transform:
  m_CorrespondingSourceObject: {fileID: 8009010049058760491, guid: fad73850a38d84645b42391617a3eb08,
    type: 3}
  m_PrefabInstance: {fileID: 5868316368839910470}
  m_PrefabAsset: {fileID: 0}
--- !u!1001 &6005999803956769932
PrefabInstance:
  m_ObjectHideFlags: 0
  serializedVersion: 2
  m_Modification:
    m_TransformParent: {fileID: 4491718929765426924}
    m_Modifications:
    - target: {fileID: 69671679482877561, guid: ec78fecb3dcc9854d9f5596536ab7f58,
        type: 3}
      propertyPath: m_LocalPosition.x
      value: 0
      objectReference: {fileID: 0}
    - target: {fileID: 69671679482877561, guid: ec78fecb3dcc9854d9f5596536ab7f58,
        type: 3}
      propertyPath: m_LocalPosition.y
      value: 0
      objectReference: {fileID: 0}
    - target: {fileID: 69671679482877561, guid: ec78fecb3dcc9854d9f5596536ab7f58,
        type: 3}
      propertyPath: m_LocalPosition.z
      value: 0
      objectReference: {fileID: 0}
    - target: {fileID: 69671679482877561, guid: ec78fecb3dcc9854d9f5596536ab7f58,
        type: 3}
      propertyPath: m_LocalRotation.x
      value: 0.50661224
      objectReference: {fileID: 0}
    - target: {fileID: 69671679482877561, guid: ec78fecb3dcc9854d9f5596536ab7f58,
        type: 3}
      propertyPath: m_LocalRotation.y
      value: 0.5066123
      objectReference: {fileID: 0}
    - target: {fileID: 69671679482877561, guid: ec78fecb3dcc9854d9f5596536ab7f58,
        type: 3}
      propertyPath: m_LocalRotation.z
      value: 0.49329916
      objectReference: {fileID: 0}
    - target: {fileID: 69671679482877561, guid: ec78fecb3dcc9854d9f5596536ab7f58,
        type: 3}
      propertyPath: m_LocalRotation.w
      value: 0.4932992
      objectReference: {fileID: 0}
    - target: {fileID: 69671679482877561, guid: ec78fecb3dcc9854d9f5596536ab7f58,
        type: 3}
      propertyPath: m_RootOrder
      value: 0
      objectReference: {fileID: 0}
    - target: {fileID: 69671679482877561, guid: ec78fecb3dcc9854d9f5596536ab7f58,
        type: 3}
      propertyPath: m_LocalEulerAnglesHint.x
      value: 0
      objectReference: {fileID: 0}
    - target: {fileID: 69671679482877561, guid: ec78fecb3dcc9854d9f5596536ab7f58,
        type: 3}
      propertyPath: m_LocalEulerAnglesHint.y
      value: 1.526
      objectReference: {fileID: 0}
    - target: {fileID: 69671679482877561, guid: ec78fecb3dcc9854d9f5596536ab7f58,
        type: 3}
      propertyPath: m_LocalEulerAnglesHint.z
      value: 90.00001
      objectReference: {fileID: 0}
    - target: {fileID: 69671679482877561, guid: ec78fecb3dcc9854d9f5596536ab7f58,
        type: 3}
      propertyPath: m_LocalScale.x
      value: 14.367165
      objectReference: {fileID: 0}
    - target: {fileID: 69671679482877561, guid: ec78fecb3dcc9854d9f5596536ab7f58,
        type: 3}
      propertyPath: m_LocalScale.z
      value: 14.36716
      objectReference: {fileID: 0}
    - target: {fileID: 69671679482877561, guid: ec78fecb3dcc9854d9f5596536ab7f58,
        type: 3}
      propertyPath: m_LocalScale.y
      value: 14.367162
      objectReference: {fileID: 0}
    - target: {fileID: 845646115512192195, guid: ec78fecb3dcc9854d9f5596536ab7f58,
        type: 3}
      propertyPath: m_Name
      value: gun
      objectReference: {fileID: 0}
    m_RemovedComponents: []
  m_SourcePrefab: {fileID: 100100000, guid: ec78fecb3dcc9854d9f5596536ab7f58, type: 3}
--- !u!4 &6029791061081318133 stripped
Transform:
  m_CorrespondingSourceObject: {fileID: 69671679482877561, guid: ec78fecb3dcc9854d9f5596536ab7f58,
    type: 3}
  m_PrefabInstance: {fileID: 6005999803956769932}
  m_PrefabAsset: {fileID: 0}
